% This file was created with JabRef 2.9.2.
% Encoding: Cp1252

@ARTICLE{Biased_vogt,
  author = {Hazem A. Ahmed and Hamed Salah and Joerg Robert and Albert Heuberger},
  title = {{An Efficient RFID Tag Estimation Method Using Biased Chebyshev Inequality
	for Dynamic Frame Slotted ALOHA}},
  journal = {Smart Systech},
  year = {2014},
  owner = {elsaid},
  timestamp = {2014.05.30}
}

@ARTICLE{Ref_4_4_2013_Cap_time,
  author = {Alcaraz, J.J. and Vales-Alonso, J. and Egea-Lopez, E. and Garcia-Haro,
	J.},
  title = {A Stochastic Shortest Path Model to Minimize the Reading Time in
	DFSA-Based RFID Systems},
  journal = {Communications Letters, IEEE},
  year = {2013},
  volume = {17},
  pages = {341-344},
  number = {2},
  month = {February},
  doi = {10.1109/LCOMM.2013.011113.122407},
  issn = {1089-7798},
  keywords = {access protocols;radiofrequency identification;stochastic processes;DFSA-based
	RFID systems;SSP formulation;capture effect;dynamic frame slotted
	aloha;frame size;identification rounds;identification time reduction;indefinite
	long decision horizon;inventory cycle;reading time minimization;slot
	durations;stochastic shortest path model;tag population;Markov processes;Protocols;Radiofrequency
	identification;Sociology;Statistics;Throughput;Radiofrequency identification;framed
	slotted Aloha;probability analysis;stochastic shortest path}
}

@INPROCEEDINGS{Tree2,
  author = {Kong Wa Chiang and Cunqing Hua and Yum, T.P.},
  title = {{Prefix-Randomized Query-Tree Protocol for RFID Systems}},
  booktitle = {IEEE International Conference on Communications, 2006. ICC '06.},
  year = {2006},
  volume = {4},
  pages = {1653-1657},
  doi = {10.1109/ICC.2006.254956},
  issn = {8164-9547},
  keywords = {Access protocols;Binary search trees;Broadcasting;Data processing;Electronic
	mail;Intrusion detection;Multiaccess communication;Power supplies;Radiofrequency
	identification;Stochastic processes}
}

@MISC{USRP,
  author = {{Ettus Research}},
  title = {{USRP B210}},
  howpublished = {http://www.ettus.com/product/details/ UB210-KIT},
  year = {2015},
  owner = {elsaid},
  timestamp = {2015.08.06},
  url = {http://www.ettus.com/product/details/UB210-KIT}
}

@INPROCEEDINGS{Aloha3_florke,
  author = {Floerkemeier, C.},
  title = {{Bayesian Transmission Strategy for Framed ALOHA Based RFID Protocols}},
  booktitle = {IEEE International Conference on RFID, 2007.},
  year = {2007},
  pages = {228-235},
  doi = {10.1109/RFID.2007.346173},
  keywords = {ISO standards;access protocols;radiofrequency identification;telecommunication
	standards;ALOHA based RFID protocols;ALOHA frame;Bayesian transmission
	strategy;ISO 18000-6 C protocol;RFID simulation engine;RFID tags;transmission
	control strategy;Acceleration;Bayesian methods;Delay;ISO standards;Optimal
	control;Protocols;RFID tags;Radiofrequency identification;Size control;Throughput}
}

@CONFERENCE{Aloha2_Floerkemeier,
  author = {C. Floerkemeier},
  title = {{Transmission control scheme for RFID object identification}},
  booktitle = {Pervasive Wireless Networking Workshop (IEE PERCOM)},
  year = {2006},
  owner = {elsaid},
  timestamp = {2013.11.19}
}

@INPROCEEDINGS{ICC_2006,
  author = {Girish Khandelwal and Yener, A and Kyounghwan Lee and Serbetli, S.},
  title = {ASAP : A MAC Protocol for Dense and Time Constrained RFID Systems},
  booktitle = {IEEE International Conference on Communications, 2006. ICC '06.},
  year = {2006},
  volume = {9},
  pages = {4028-4033},
  month = {June},
  doi = {10.1109/ICC.2006.255711},
  issn = {8164-9547},
  keywords = {Access protocols;Communication system security;Laboratories;Media
	Access Protocol;RFID tags;Radiofrequency identification;Telephony;Time
	factors;Wireless application protocol;Wireless communication}
}

@ARTICLE{Capture_2011,
  author = {Bo Li and Junyu Wang},
  title = {Efficient Anti-Collision Algorithm Utilizing the Capture Effect for
	ISO 18000-6C RFID Protocol},
  journal = {Communications Letters, IEEE},
  year = {2011},
  volume = {15},
  pages = {352-354},
  number = {3},
  month = {March},
  doi = {10.1109/LCOMM.2011.011311.101332},
  issn = {1089-7798},
  keywords = {ISO standards;protocols;radiofrequency identification;ISO 18000-6C
	RFID protocol;access control method design;anticollision algorithm;capture-aware
	backlog estimation method;capture-aware optimum frame length equation
	derivation;Algorithm design and analysis;Equations;Estimation;ISO
	standards;Protocols;Radiofrequency identification;Throughput;ISO
	18000-6C;RFID;anti-collision;capture}
}

@INPROCEEDINGS{4_1_closed_form_Lopt_not_accurate,
  author = {Liu, D. and Zhongxiang Wang and Jie Tan and Hao Min and Junyu Wang},
  title = {ALOHA algorithm considering the slot duration difference in RFID
	system},
  booktitle = {RFID, 2009 IEEE International Conference on},
  year = {2009},
  pages = {56-63},
  month = {April},
  doi = {10.1109/RFID.2009.4911180},
  keywords = {access protocols;radiofrequency identification;telecommunication congestion
	control;ALOHA-based algorithms;RFID system;RFID tag identification;anticollision
	technology;collision detection;multiple tag identification;slot duration
	difference;Application specific integrated circuits;Automation;Costs;Dynamic
	scheduling;Job shop scheduling;Protocols;RFID tags;Radiofrequency
	identification;Scheduling algorithm;Throughput;Anti-collision;BIS;Collision
	Detection;Framed-Aloha;RFID Identification}
}

@ARTICLE{Tree1,
  author = {Jihoon Myung and Wonjun Lee and Srivastava, J. and Shih, T.K.},
  title = {{Tag-Splitting: Adaptive Collision Arbitration Protocols for RFID
	Tag Identification}},
  journal = {IEEE Transactions on Parallel and Distributed Systems,},
  year = {2007},
  volume = {18},
  pages = {763-775},
  number = {6},
  doi = {10.1109/TPDS.2007.1098},
  issn = {1045-9219},
  keywords = {Binary trees;Delay;Frequency;Intrusion detection;Monitoring;Power
	supplies;Protocols;RFID tags;Radiofrequency identification;Signal
	processing;Collision resolution;RFID;tag anticollision;tag identification.}
}

@INPROCEEDINGS{Aloha1,
  author = {Jongho Park and Min Young Chung and Tae-Jin Lee},
  title = {{Identification of RFID Tags in Framed-Slotted ALOHA with Tag Estimation
	and Binary Splitting}},
  booktitle = {First International Conference on Communications and Electronics,
	2006. ICCE '06.},
  year = {2006},
  pages = {368-372},
  doi = {10.1109/CCE.2006.350795},
  keywords = {access protocols;radiofrequency identification;RFID tags;binary splitting;framed-slotted
	ALOHA;tag collision resolution;tag estimation;tag identification;Binary
	trees;Magnetic separation;Protocols;RFID tags;Radiofrequency identification;Robustness;Time
	factors;RFID;anti-collision;collision resolution;tag estimation;tag
	identification}
}

@ARTICLE{prodanoff2010optimal,
  author = {Prodanoff, Zornitza Genova},
  title = {Optimal frame size analysis for framed slotted ALOHA based RFID networks},
  journal = {Computer Communications},
  year = {2010},
  volume = {33},
  pages = {648--653},
  number = {5},
  publisher = {Elsevier}
}

@ARTICLE{DFSA_shoute_Random,
  author = {Schoute, F.C.},
  title = {{Dynamic Frame Length ALOHA}},
  journal = {IEEE Transactions on Communications,},
  year = {1983},
  volume = {31},
  pages = {565-568},
  number = {4},
  doi = {10.1109/TCOM.1983.1095854},
  issn = {0090-6778},
  keywords = {Feedback communication;Land-mobile communications;Packet switching;Control
	systems;Feedback control;Mobile computing;Packet switching;Protocols;Telecommunication
	computing;Telecommunication control;Telecommunication switching;Throughput;Upper
	bound}
}

@ARTICLE{MFML,
  author = {Vales-Alonso, J. and Bueno-Delgado, V. and Egea-Lopez, E. and Gonzalez-Castano,
	F.J. and Alcaraz, J.},
  title = {Multiframe Maximum-Likelihood Tag Estimation for RFID Anticollision
	Protocols},
  journal = {Industrial Informatics, IEEE Transactions on},
  year = {2011},
  volume = {7},
  pages = {487-496},
  number = {3},
  month = {Aug},
  doi = {10.1109/TII.2011.2158831},
  issn = {1551-3203},
  keywords = {access protocols;maximum likelihood estimation;radiofrequency identification;MFML-DFSA
	anticollision protocol;RFID;automatic identification;frame slotted
	Aloha anticollision protocols;multiframe maximum-likelihood tag estimation;radio
	frequency identification;Heuristic algorithms;Maximum likelihood
	estimation;Probability;Proposals;Protocols;Radiofrequency identification;Anticollision
	protocol;EPCglobal;dynamic frame slotted aloha (DFSA);maximum-likelihood
	estimation;radio frequency identification (RFID)}
}

@CONFERENCE{Aloha4_Vogt,
  author = {H. Vogt},
  title = {{Efficient object identification with passive RFID rags}},
  booktitle = {International Conference on Pervasive Computing, Zürich,},
  year = {Aug. 2002},
  owner = {elsaid},
  timestamp = {2013.11.19}
}

@ARTICLE{4_2_numerical_time_Lopt,
  author = {Xunteng Xu and Lin Gu and Jianping Wang and Guoliang Xing and Shing-Chi
	Cheung},
  title = {Read More with Less: An Adaptive Approach to Energy-Efficient RFID
	Systems},
  journal = {Selected Areas in Communications, IEEE Journal on},
  year = {2011},
  volume = {29},
  pages = {1684-1697},
  number = {8},
  month = {September},
  doi = {10.1109/JSAC.2011.110917},
  issn = {0733-8716},
  keywords = {energy conservation;energy consumption;radiofrequency identification;APS;adaptive
	approach;automatic power stepping;energy consumption;energy-efficient
	RFID reader system;high transmission power level;high-fidelity simulator;mobile
	readers;pervasive computing environments;Algorithm design and analysis;Backscatter;Mobile
	communication;Physical layer;Power demand;Protocols;Radiofrequency
	identification;Automatic Power Stepping (APS);RFID tags;energy efficiency}
}

@ARTICLE{FSA_2012,
  author = {Zanella, A.},
  title = {Estimating Collision Set Size in Framed Slotted Aloha Wireless Networks
	and RFID Systems},
  journal = {Communications Letters, IEEE},
  year = {2012},
  volume = {16},
  pages = {300-303},
  number = {3},
  month = {March},
  doi = {10.1109/LCOMM.2012.011312.112067},
  issn = {1089-7798},
  keywords = {access protocols;maximum likelihood estimation;mean square error methods;radiofrequency
	identification;stochastic processes;Poisson approximation;RFID systems;channel
	access strategies;collision set size estimation;framed-slotted Aloha
	wireless networks;maximum likelihood argument;mean square error;minimal
	mean error;packet arrival process;time minimization;transmission
	channel;Approximation methods;Computational complexity;Conferences;Maximum
	likelihood estimation;Radiofrequency identification;Vectors;Framed
	Aloha;RFID;conflict;estimate}
}

@ARTICLE{optimizin_total_latency,
  author = {Zanella, A},
  title = {Adaptive Batch Resolution Algorithm with Deferred Feedback for Wireless
	Systems},
  journal = {IEEE Transactions on Wireless Communications},
  year = {2012},
  volume = {11},
  pages = {3528-3539},
  number = {10},
  month = {October},
  doi = {10.1109/TWC.2012.081312.111641},
  issn = {1536-1276},
  keywords = {access protocols;dynamic programming;feedback;radio networks;radio
	receivers;ABRADE;BRA;BRI;adaptive batch resolution algorithm;adaptive
	batch resolution algorithm with deferred feedback;batch multiplicity;batch
	resolution algorithm;batch resolution interval;batch size estimate
	module;deferred feedback;dynamic programming technique;feedback time;framed
	ALOHA access scheme;receiver;wireless systems;Algorithm design and
	analysis;Heuristic algorithms;Manganese;Random variables;Throughput;Wireless
	communication;Wireless sensor networks;6LowPAN neighbor discovery;Batch
	resolution;RF-TAG;RFID;collision resolution;conflict resolution;framed
	Aloha;multicast ACK collision problem;multiplicity estimate;node
	counting}
}

@ARTICLE{empirical_Lopt,
  author = {Zhen, Bin and Kobayashi, Mamoru and Shimizu, Masashi},
  title = {Framed ALOHA for Multiple RFID Objects Identification.},
  journal = {IEICE Transactions},
  year = {2005},
  volume = {88-B},
  pages = {991-999},
  number = {3},
  added-at = {2008-01-20T00:00:00.000+0100},
  biburl = {http://www.bibsonomy.org/bibtex/2c14e33174c935406e65b1ec36e95f08a/dblp},
  date = {2008-01-20},
  description = {dblp},
  ee = {http://dx.doi.org/10.1093/ietcom/e88-b.3.991},
  interhash = {c2a8fe8a73ef07a95c0f9768ec5aa827},
  intrahash = {c14e33174c935406e65b1ec36e95f08a},
  keywords = {dblp},
  timestamp = {2008-01-20T00:00:00.000+0100},
  url = {http://dblp.uni-trier.de/db/journals/ieicet/ieicet88b.html#ZhenKS05}
}

@ARTICLE{L_equal_n,
  author = {Lei Zhu and Yum, T.P.},
  title = {Optimal Framed Aloha Based Anti-Collision Algorithms for RFID Systems},
  journal = {IEEE Transactions on Communications,},
  year = {2010},
  volume = {58},
  pages = {3583-3592},
  number = {12},
  month = {December},
  doi = {10.1109/TCOMM.2011.102910.090390},
  issn = {0090-6778},
  keywords = {Markov processes;access protocols;radiofrequency identification;Markov
	chain reading process;Philips RFID system;RA systems;anticollision
	algorithms;first-passage-time analysis;optimal frame sizes;optimal
	framed ALOHA algorithm;optimal reading strategy;radiofrequency identification
	system;random access systems;Algorithm design and analysis;Estimation;Markov
	processes;Optimization;Radiation detectors;Radiofrequency identification;Standards;RFID
	anti-collision algorithms;framed Aloha;optimization}
}

@STANDARD{standard,
  title = {{EPC radio-frequency protocols class-1 generation-2 UHF RFID protocol
	for communications at 860 MHz 960 MHz version 1.1.0 2006}},
  organization = {EPC Global},
  owner = {elsaid},
  timestamp = {2013.11.18}
}

