% This file was created with JabRef 2.9.2.
% Encoding: Cp1252

@INPROCEEDINGS{Tree2,
  author = {Kong Wa Chiang and Cunqing Hua and Yum, T.P.},
  title = {{Prefix-Randomized Query-Tree Protocol for RFID Systems}},
  booktitle = {IEEE International Conference on Communications, 2006. ICC '06.},
  year = {2006},
  volume = {4},
  pages = {1653-1657},
  doi = {10.1109/ICC.2006.254956},
  issn = {8164-9547},
  keywords = {Access protocols;Binary search trees;Broadcasting;Data processing;Electronic
	mail;Intrusion detection;Multiaccess communication;Power supplies;Radiofrequency
	identification;Stochastic processes}
}

@INPROCEEDINGS{Aloha3_florke,
  author = {Floerkemeier, C.},
  title = {{Bayesian Transmission Strategy for Framed ALOHA Based RFID Protocols}},
  booktitle = {IEEE International Conference on RFID, 2007.},
  year = {2007},
  pages = {228-235},
  doi = {10.1109/RFID.2007.346173},
  keywords = {ISO standards;access protocols;radiofrequency identification;telecommunication
	standards;ALOHA based RFID protocols;ALOHA frame;Bayesian transmission
	strategy;ISO 18000-6 C protocol;RFID simulation engine;RFID tags;transmission
	control strategy;Acceleration;Bayesian methods;Delay;ISO standards;Optimal
	control;Protocols;RFID tags;Radiofrequency identification;Size control;Throughput}
}

@CONFERENCE{Aloha2_Floerkemeier,
  author = {C. Floerkemeier},
  title = {{Transmission control scheme for RFID object identification}},
  booktitle = {Pervasive Wireless Networking Workshop (IEE PERCOM)},
  year = {2006},
  owner = {elsaid},
  timestamp = {2013.11.19}
}

@ARTICLE{basic_aloha,
  author = {Lam, S. and Kleinrock, L.},
  title = {Packet Switching in a Multiaccess Broadcast Channel: Dynamic Control
	Procedures},
  journal = {Communications, IEEE Transactions on},
  year = {1975},
  volume = {23},
  pages = {891-904},
  number = {9},
  month = {Sep},
  doi = {10.1109/TCOM.1975.1092917},
  issn = {0090-6778},
  keywords = {Broadcast channels;Computer communications;Decision procedures;Markov
	processes;Multiple-access communications;Packet switching;Communication
	system control;Computer networks;Delay;Optimal control;Packet switching;Performance
	analysis;Radio broadcasting;Satellite broadcasting;State estimation;Throughput}
}

@ARTICLE{Tree1,
  author = {Jihoon Myung and Wonjun Lee and Srivastava, J. and Shih, T.K.},
  title = {{Tag-Splitting: Adaptive Collision Arbitration Protocols for RFID
	Tag Identification}},
  journal = {IEEE Transactions on Parallel and Distributed Systems,},
  year = {2007},
  volume = {18},
  pages = {763-775},
  number = {6},
  doi = {10.1109/TPDS.2007.1098},
  issn = {1045-9219},
  keywords = {Binary trees;Delay;Frequency;Intrusion detection;Monitoring;Power
	supplies;Protocols;RFID tags;Radiofrequency identification;Signal
	processing;Collision resolution;RFID;tag anticollision;tag identification.}
}

@INPROCEEDINGS{Aloha1,
  author = {Jongho Park and Min Young Chung and Tae-Jin Lee},
  title = {{Identification of RFID Tags in Framed-Slotted ALOHA with Tag Estimation
	and Binary Splitting}},
  booktitle = {First International Conference on Communications and Electronics,
	2006. ICCE '06.},
  year = {2006},
  pages = {368-372},
  doi = {10.1109/CCE.2006.350795},
  keywords = {access protocols;radiofrequency identification;RFID tags;binary splitting;framed-slotted
	ALOHA;tag collision resolution;tag estimation;tag identification;Binary
	trees;Magnetic separation;Protocols;RFID tags;Radiofrequency identification;Robustness;Time
	factors;RFID;anti-collision;collision resolution;tag estimation;tag
	identification}
}

@ARTICLE{DFSA_shoute_Random,
  author = {Schoute, F.C.},
  title = {{Dynamic Frame Length ALOHA}},
  journal = {IEEE Transactions on Communications,},
  year = {1983},
  volume = {31},
  pages = {565-568},
  number = {4},
  doi = {10.1109/TCOM.1983.1095854},
  issn = {0090-6778},
  keywords = {Feedback communication;Land-mobile communications;Packet switching;Control
	systems;Feedback control;Mobile computing;Packet switching;Protocols;Telecommunication
	computing;Telecommunication control;Telecommunication switching;Throughput;Upper
	bound}
}

@ARTICLE{FSA_ref,
  author = {Szpankowski, W.},
  title = {Analysis and Stability Considerations in a Reservation Multiaccess
	System},
  journal = {Communications, IEEE Transactions on},
  year = {1983},
  volume = {31},
  pages = {684-692},
  number = {5},
  month = {May},
  doi = {10.1109/TCOM.1983.1095866},
  issn = {0090-6778},
  keywords = {Markov processes;Multiple-access communications;Packet switching;Queuing
	analysis;Access control;Delay;Distributed control;Multiaccess communication;Numerical
	analysis;Numerical stability;Radio transmitters;Stability analysis;Throughput;Traffic
	control}
}

@CONFERENCE{Aloha4_Vogt,
  author = {H. Vogt},
  title = {{Efficient object identification with passive RFID rags}},
  booktitle = {International Conference on Pervasive Computing, Zürich,},
  year = {Aug. 2002},
  owner = {elsaid},
  timestamp = {2013.11.19}
}

@STANDARD{standard,
  title = {{EPC radio-frequency protocols class-1 generation-2 UHF RFID protocol
	for communications at 860 MHz 960 MHz version 1.1.0 2006}},
  organization = {EPC Global},
  owner = {elsaid},
  timestamp = {2013.11.18}
}

